<record><leader>00000cas a2200000 a 4500</leader><controlfield tag="001">14238567</controlfield><controlfield tag="008">860919d19161918nvumx ne      0    0eng c</controlfield><datafield ind1=" " ind2=" " tag="010"><subfield code="a">sn 86076382 </subfield></datafield><datafield ind1=" " ind2=" " tag="040"><subfield code="a">NNX</subfield><subfield code="b">eng</subfield><subfield code="c">NNX</subfield><subfield code="d">EYM</subfield><subfield code="d">OCLCQ</subfield><subfield code="d">OCLCF</subfield><subfield code="d">OCLCO</subfield></datafield><datafield ind1=" " ind2=" " tag="012"><subfield code="i">9401</subfield></datafield><datafield ind1=" " ind2=" " tag="042"><subfield code="a">pcc</subfield></datafield><datafield ind1=" " ind2=" " tag="043"><subfield code="a">n-us-nv</subfield></datafield><datafield ind1=" " ind2=" " tag="090"><subfield code="a">HX3</subfield><subfield code="b">.C65</subfield></datafield><datafield ind1="0" ind2="4" tag="245"><subfield code="a">The Co-operative colonist.</subfield></datafield><datafield ind1="3" ind2="0" tag="246"><subfield code="a">Cooperative colonist</subfield></datafield><datafield ind1=" " ind2=" " tag="260"><subfield code="a">Fallon, Nev. :</subfield><subfield code="b">Union Security Co.,</subfield><subfield code="c">1916-1918.</subfield></datafield><datafield ind1=" " ind2=" " tag="300"><subfield code="a">24 v. :</subfield><subfield code="b">ill.</subfield></datafield><datafield ind1=" " ind2=" " tag="310"><subfield code="a">Monthly</subfield></datafield><datafield ind1="0" ind2=" " tag="362"><subfield code="a">Vol. 1, no. 1 (Apr. 1916)-no. 24 (Aug.-Sept. 1918).</subfield></datafield><datafield ind1=" " ind2=" " tag="515"><subfield code="a">Vols. for &lt;July 1916&gt;-Aug.-Sept. 1918 called also &lt;no. 3&gt;-no. 24.</subfield></datafield><datafield ind1=" " ind2=" " tag="588"><subfield code="a">Description based on surrogate.</subfield></datafield><datafield ind1=" " ind2="0" tag="650"><subfield code="a">Socialism</subfield><subfield code="z">Nevada</subfield><subfield code="v">Periodicals.</subfield></datafield><datafield ind1=" " ind2="7" tag="655"><subfield code="a">Periodicals.</subfield><subfield code="2">fast</subfield><subfield code="0">(OCoLC)fst01411641</subfield></datafield><datafield ind1=" " ind2="7" tag="650"><subfield code="a">Socialism.</subfield><subfield code="2">fast</subfield><subfield code="0">(OCoLC)fst01123637</subfield></datafield><datafield ind1=" " ind2="7" tag="651"><subfield code="a">Nevada.</subfield><subfield code="2">fast</subfield><subfield code="0">(OCoLC)fst01205660</subfield></datafield><datafield ind1=" " ind2=" " tag="752"><subfield code="a">United States</subfield><subfield code="b">Nevada</subfield><subfield code="c">Churchill</subfield><subfield code="d">Fallon.</subfield></datafield><datafield ind1=" " ind2=" " tag="850"><subfield code="a">MiU</subfield></datafield></record>